@book{贺国庆1998德国和美国大学发达史,
  title={德国和美国大学发达史},
  author={贺国庆},
  publisher={德国和美国大学发达史},
  year={1998},
}
@article{陈树清1982美国研究生教育发展的历程及其特点,
  title={美国研究生教育发展的历程及其特点},
  author={陈树清},
  journal={比较教育研究},
  number={1},
  pages={10-16},
  year={1982},
}
@phdthesis{许家林1999岩层移动与控制的关键层理论及其应用,
  title={岩层移动与控制的关键层理论及其应用},
  author={许家林},
  school={中国矿业大学},
  year={1999},
}
@article{1978Indexing,
  title={Indexing Concepts and Methods},
  author={ Borko, H.  and  Bernier, Ch. L. },
  journal={ACADEMIC},
  year={1978},
}
